@article{1,
  title={Global and regional causes of death},
  author={Mathers C. D., Boerma T., Ma Fat D.},
  journal={British medical bulletin},
  volume={92},
  number={1},
  pages={7--32},
  year={2009}
}


\iffalse 
@article{nishimura2002aortic,
  title={Aortic valve disease},
  author={Nishimura, Rick A},
  journal={Circulation},
  volume={106},
  number={7},
  pages={770--772},
  year={2002},
  publisher={Am Heart Assoc}
}

@article{pirola2021single,
  title={Single center five years’ experience of Ozaki procedure: midterm follow-up},
  author={Pirola, Sergio and Mastroiacovo, Giorgio and Arlati, Francesco Giuseppe and Mostardini, Giulia and Bonomi, Alice and Penza, Eleonora and Polvani, Gianluca},
  journal={The Annals of thoracic surgery},
  volume={111},
  number={6},
  pages={1937--1943},
  year={2021},
  publisher={Elsevier}
}

@article{pirola2021ozaki,
  title={Ozaki procedure: how I teach it},
  author={Pirola, Sergio and Mastroiacovo, Giorgio and Bisleri, Gianluigi and Polvani, Gianluca},
  journal={The Annals of Thoracic Surgery},
  volume={111},
  number={6},
  pages={1763--1769},
  year={2021},
  publisher={Elsevier}
}

@article{alhan2019ozaki,
  title={Ozaki procedure},
  author={Alhan, Cem},
  journal={Turkish Journal of Thoracic and Cardiovascular Surgery},
  volume={27},
  number={4},
  pages={451},
  year={2019},
  publisher={Turkish Society of Cardiovascular Surgery and the Turkish Society of~…}
}

@article{байдыбеков2020современные,
  title={Современные фреймворки для разработки web-приложений},
  author={Байдыбеков, АА and Гильванов, РГ and Молодкин, ИА},
  journal={Интеллектуальные технологии на транспорте},
  number={4 (24)},
  pages={23--29},
  year={2020},
  publisher={Федеральное государственное бюджетное образовательное учреждение высшего~…}
}

@article{saks2019javascript,
  title={JavaScript Frameworks: Angular vs React vs Vue.},
  author={Saks, Elar},
  year={2019}
}

@article{cincovic2020comparison,
  title={Comparison: Angular vs. React vs. Vue. Which framework is the best choice},
  author={Cincovi{\'c}, Jelica and Punt, Marija},
  journal={Universidad de Belgrade},
  year={2020}
}

@online{example,
    title        = {The Society of Thoracic Surgeons},
    year         = 2023,
    url          = {https://ctsurgerypatients.org/adult-heart-disease/aortic-valve-disease},
    urldate      = {2024-06-07}, % дата обращения
}

@article{чернов2020непосредственные,
  title={Непосредственные результаты операции Ozaki: многоцентровое исследование},
  author={Чернов, ИИ and Энгиноев, СТ and Комаров, РН and Базылев, ВВ and Тарасов, ДГ and Кадыралиев, КБ and Тунгусов, ДС and Арутюнян, АВ and Чрагян, АВ and Батраков, ПА and others},
  journal={Российский кардиологический журнал},
  number={S4},
  pages={13--18},
  year={2020},
  publisher={Общество с ограниченной ответственностью {\guillemotleft}Силицея-Полиграф{\guillemotright}}
}

@article{василевский2022персонализация,
  title={Персонализация математических моделей в кардиологии: трудности и перспективы},
  author={Василевский, Юрий Викторович and Симаков, Сергей Сергеевич and Гамилов, Тимур Мударисович and Саламатова, Виктория Юрьевна and Добросердова, Татьяна Константиновна and Копытов, Герман Васильевич and Богданов, Олег Николаевич and Данилов, Александр Анатольевич and Дергачёв, Максим Алексеевич and Добровольский, Данила Дмитриевич and others},
  journal={Компьютерные исследования и моделирование},
  volume={14},
  number={4},
  pages={911--930},
  year={2022},
  publisher={Ижевский институт компьютерных исследований}
}

@article{salamatova2019numerical,
  title={Numerical assessment of coaptation for auto-pericardium based aortic valve cusps},
  author={Salamatova, Victoria Yu and Liogky, Alexey A and Karavaikin, Pavel A and Danilov, Alexander A and Kopylov, Philipp Y and Kopytov, German V and Kosukhin, Oleg N and Pryamonosov, Roman A and Shipilov, Anatoly A and Yurova, Alexandra S and others},
  journal={Russian Journal of Numerical Analysis and Mathematical Modelling},
  volume={34},
  number={5},
  pages={277--287},
  year={2019},
  publisher={De Gruyter}
}

@article{аверина2013искусственное,
  title={Искусственное кровообращение},
  author={Аверина, Татьяна Борисовна},
  journal={Анналы хирургии},
  number={2},
  pages={5--12},
  year={2013},
  publisher={ОАО {\guillemotleft}Издательство {\guillemotleft}Медицина{\guillemotright}}
}

@book{dirksen2014three,
  title={Three. js essentials},
  author={Dirksen, Jos and others},
  year={2014},
  publisher={Packt Publishing}
}

@inproceedings{shaalan2020visualization,
  title={Visualization in medical system interfaces: UX guidelines},
  author={Shaalan, Duaa and Jusoh, Shaidah},
  booktitle={2020 12th International Conference on Electronics, Computers and Artificial Intelligence (ECAI)},
  pages={1--8},
  year={2020},
  organization={IEEE}
}
@inproceedings{shaalan2020visualization,
  title={Visualization in medical system interfaces: UX guidelines},
  author={Shaalan, Duaa and Jusoh, Shaidah},
  booktitle={2020 12th International Conference on Electronics, Computers and Artificial Intelligence (ECAI)},
  pages={1--8},
  year={2020},
  organization={IEEE}
}
\fi